@INPROCEEDINGS{8777334,
  author={Garg, Hittu and Dave, Mayank},
  booktitle={2019 4th International Conference on Internet of Things: Smart Innovation and Usages (IoT-SIU)}, 
  title={Securing IoT Devices and SecurelyConnecting the Dots Using REST API and Middleware}, 
  year={2019},
  volume={},
  number={},
  pages={1-6},
  keywords={Internet of Things;Middleware;Logic gates;Authentication;Cloud computing;Authorization;IoT;security;REST API;middleware},
  doi={10.1109/IoT-SIU.2019.8777334}}

@ARTICLE{8688434,
  author={Neshenko, Nataliia and Bou-Harb, Elias and Crichigno, Jorge and Kaddoum, Georges and Ghani, Nasir},
  journal={IEEE Communications Surveys & Tutorials}, 
  title={Demystifying IoT Security: An Exhaustive Survey on IoT Vulnerabilities and a First Empirical Look on Internet-Scale IoT Exploitations}, 
  year={2019},
  volume={21},
  number={3},
  pages={2702-2733},
  keywords={Security;Internet of Things;Taxonomy;Biomedical monitoring;Temperature sensors;Monitoring;Temperature measurement;Internet of Things;IoT vulnerabilities;IoT data;IoT security;network security},
  doi={10.1109/COMST.2019.2910750}}
